<record><leader>00000cas a2200000 a 4500</leader><controlfield tag="001">22527139</controlfield><controlfield tag="008">901017d18651866iluwr ne      0   a0eng c</controlfield><datafield ind1=" " ind2=" " tag="010"><subfield code="a">sn 90054659 </subfield></datafield><datafield ind1=" " ind2=" " tag="040"><subfield code="a">NVF</subfield><subfield code="b">eng</subfield><subfield code="c">NVF</subfield><subfield code="d">OCLCQ</subfield><subfield code="d">NVF</subfield><subfield code="d">OCLCF</subfield><subfield code="d">NVF</subfield><subfield code="d">OCLCO</subfield></datafield><datafield ind1="1" ind2=" " tag="029"><subfield code="a">AU@</subfield><subfield code="b">000020632148</subfield></datafield><datafield ind1=" " ind2=" " tag="042"><subfield code="a">pcc</subfield></datafield><datafield ind1=" " ind2=" " tag="043"><subfield code="a">n-us-il</subfield></datafield><datafield ind1="0" ind2="0" tag="245"><subfield code="a">Marshall County telegraph.</subfield></datafield><datafield ind1="1" ind2="7" tag="246"><subfield code="a">Marshall telegraph</subfield><subfield code="f">&lt;Sept. 30, 1865&gt;-June 16, 1866</subfield></datafield><datafield ind1=" " ind2=" " tag="260"><subfield code="a">Henry, Ill. :</subfield><subfield code="b">S.S. Burdick [&amp;] Geo. Burt</subfield></datafield><datafield ind1=" " ind2=" " tag="300"><subfield code="a">v.</subfield></datafield><datafield ind1=" " ind2=" " tag="310"><subfield code="a">Weekly</subfield></datafield><datafield ind1="1" ind2=" " tag="362"><subfield code="a">Began in 1865.</subfield></datafield><datafield ind1="0" ind2=" " tag="362"><subfield code="a">-v. 2, no. 7 (June 16, 1866).</subfield></datafield><datafield ind1=" " ind2=" " tag="580"><subfield code="a">Merged with: Henry weekly courier (Henry, Ill. : 1863), to form: Marshall County Republican (Henry, Ill.).</subfield></datafield><datafield ind1=" " ind2=" " tag="588"><subfield code="a">Description based on: Vol. 1, no. 23 (Sept. 30, 1865).</subfield></datafield><datafield ind1=" " ind2="0" tag="651"><subfield code="a">Marshall County (Ill.)</subfield><subfield code="v">Newspapers.</subfield></datafield><datafield ind1=" " ind2="7" tag="651"><subfield code="a">Illinois</subfield><subfield code="z">Marshall County.</subfield><subfield code="2">fast</subfield><subfield code="0">(OCoLC)fst01221590</subfield></datafield><datafield ind1=" " ind2="7" tag="655"><subfield code="a">Newspapers.</subfield><subfield code="2">fast</subfield><subfield code="0">(OCoLC)fst01423814</subfield></datafield><datafield ind1=" " ind2=" " tag="752"><subfield code="a">United States</subfield><subfield code="b">Illinois</subfield><subfield code="c">Marshall</subfield><subfield code="d">Henry.</subfield></datafield><datafield ind1="1" ind2="7" tag="785"><subfield code="t">Henry weekly courier (Henry, Ill. : 1863)</subfield><subfield code="w">(DLC)sn 85038348</subfield><subfield code="w">(OCoLC)12309036</subfield></datafield><datafield ind1="1" ind2="7" tag="785"><subfield code="t">Marshall County Republican (Henry, Ill.)</subfield><subfield code="w">(DLC)sn 90054555</subfield><subfield code="w">(OCoLC)22527363</subfield></datafield></record>